% This file was created with JabRef 2.10.
% Encoding: UTF-8


@Electronic{stackoverflow-developer-survey-2016,
  Title                    = {Developer Survey},
  Author                   = {stackoverflow},
  Url                      = {http://stackoverflow.com/research/developer-survey-2016},
  Year                     = {2016},

  Abstract                 = {stackoverflow的开发者调查},
  Owner                    = {subaochen},
  Timestamp                = {2016.10.18}
}

@Book{code-future,
  Title                    = {代码的未来},
  Author                   = {松本行弘},
  Publisher                = {人民邮电出版社},
  Year                     = {2013},
  Edition                  = {1},

  Owner                    = {subaochen},
  Timestamp                = {2016.03.03}
}

@Misc{pypl,
  Title                    = {The PYPL PopularitY of Programming Language Index},

  Owner                    = {subaochen},
  Timestamp                = {2016.03.10},
  Url                      = {http://pypl.github.io/PYPL.html}
}

